@misc{deepseek7bchat,
  author = {{DeepSeek}},
  title = {{deepseek-ai/deepseek-llm-7b-chat}},
  year = {2024},
  howpublished = {\url{https://huggingface.co/deepseek-ai/deepseek-llm-7b-chat}},
  note = {Accessed: 2025-06-01}
}
@misc{radford2022whisper,
  author = {Radford, Alec and Gao, Jong Wook and Brockman, Greg and others},
  title = {Whisper: Robust Speech Recognition via Large-Scale Weak Supervision},
  year = {2022},
  howpublished = {\url{https://openai.com/index/whisper/}},
  note = {Accessed: 2025-06-01}
}
@misc{facebook_bart_large_mnli,
  title = {facebook/bart-large-mnli},
  howpublished = {\url{https://huggingface.co/facebook/bart-large-mnli}},
  note = {Accessed: 2025-06-01}
}
@article{zhu2024deepseek,
  title={DeepSeek-Coder-V2: Breaking the Barrier of Closed-Source Models in Code Intelligence},
  author={Zhu, Qihao and Guo, Daya and Shao, Zhihong and Yang, Dejian and Wang, Peiyi and Xu, Runxin and Wu, Y and Li, Yukun and Gao, Huazuo and Ma, Shirong and others},
  journal={arXiv preprint arXiv:2406.11931},
  year={2024}
}
@misc{kokoro82m,
  author = {Hexgrad},
  title = {Kokoro-82M},
  year = {2024},
  howpublished = {\url{https://huggingface.co/hexgrad/Kokoro-82M}},
  note = {Accessed: 2025-06-01}
}
@misc{chromadb2023,
  title = {Chroma: the AI-native open-source embedding database},
  year = {2023},
  howpublished = {\url{https://www.trychroma.com/}},
  note = {Accessed: 2025-06-01}
}
@misc{allminilm2021,
  title = {all-MiniLM-L6-v2},
  year = {2021},
  howpublished = {\url{https://huggingface.co/sentence-transformers/all-MiniLM-L6-v2}},
  note = {Accessed: 2025-06-01}
}
@misc{reactjs,
  title = {React â€“ A JavaScript library for building user interfaces},
  author = {{Meta Platforms, Inc.}},
  year = {2024},
  howpublished = {\url{https://react.dev/reference/react}},
  note = {Accessed: 2025-06-01}
}
@misc{flaskdocs,
  author = {Pallets Projects},
  title = {Flask Documentation (Version 2.x)},
  year = {2024},
  howpublished = {\url{https://flask.palletsprojects.com/en/stable/}},
  note = {Accessed: 2025-06-01}
}
@misc{torchaudio,
  title = {Torchaudio Documentation},
  author = {{PyTorch Team}},
  year = {2024},
  note = {Accessed 2025-06-01},
  url = {https://docs.pytorch.org/audio/stable/}
}
@misc{soundfile,
  title = {SoundFile: An audio library based on libsndfile, for reading and writing sound files},
  author = {{Bastian Bechtold et al.}},
  year = {2024},
  note = {Accessed 2025-06-01},
  url = {https://pypi.org/project/soundfile/}
}